@article{irvin2019chexpert,
  author={Irvin, J. and Rajpurkar, P. and Ko, M. and Yu, Y. and Ciurea-Ilcus, S. and et al.},
  title={Chexpert: A large chest radiograph dataset with uncertainty labels and expert comparison},
  year={2019},
  journal={arXiv preprint arXiv:1901.07031}
}

@article{johnson2019mimiccxr,
  author={Johnson, A.E. and Pollard, T.J. and Berkowitz, S.J. and et al.},
  title={Mimic-cxr, a de-identified publicly available database of chest radiographs with free-text reports},
  journal={Scientific Data},
  pages={1--8},
  year={2019}
}

@article{rajpurkar2017chexnet,
  author={Rajpurkar, P. and Irvin, J. and Zhu, K. and et al.},
  title={Chexnet: Radiologist-level pneumonia detection on chest x-rays with deep learning},
  year={2017},
  journal={arXiv preprint arXiv:1711.05225}
}

@article{wu2020comparison,
  author={Wu, J.T. and Wong, K.C.L. and Gur, Y. and et al.},
  title={Comparison of Chest Radiograph Interpretations by Artificial Intelligence Algorithm vs Radiology Residents},
  journal={JAMA Network Open},
  volume={3},
  number={10},
  pages={e2022779},
  year={2020}
}

@inproceedings{agu2021anaxnet,
  author={Agu, N.N. and Wu, J.T. and Chao, H. and Lourentzou, I. and Sharma, A. and Moradi, M. and Yan, P. and Hendler, J.},
  title={Anaxnet: Anatomy aware multi-label finding classification in chest x-ray},
  booktitle={Medical Image Computing and Computer Assisted Intervention -- MICCAI 2021},
  pages={804--813},
  year={2021},
  publisher={Springer}
}

@inproceedings{carion2020end,
  author={Carion, N. and Massa, F. and Synnaeve, G. and Usunier, N. and Kirillov, A. and Zagoruyko, S.},
  title={End-to-end object detection with transformers},
  booktitle={European Conference on Computer Vision (ECCV)},
  pages={213--229},
  year={2020},
  publisher={Springer}
}

@misc{1608.06993,
Author = {Gao Huang and Zhuang Liu and Laurens van der Maaten and Kilian Q. Weinberger},
Title = {Densely Connected Convolutional Networks},
Year = {2016},
Eprint = {arXiv:1608.06993},
}

@misc{1812.08434,
Author = {Jie Zhou and Ganqu Cui and Shengding Hu and Zhengyan Zhang and Cheng Yang and Zhiyuan Liu and Lifeng Wang and Changcheng Li and Maosong Sun},
Title = {Graph Neural Networks: A Review of Methods and Applications},
Year = {2018},
Eprint = {arXiv:1812.08434},
}

@misc{2010.11929,
Author = {Alexey Dosovitskiy and Lucas Beyer and Alexander Kolesnikov and Dirk Weissenborn and Xiaohua Zhai and Thomas Unterthiner and Mostafa Dehghani and Matthias Minderer and Georg Heigold and Sylvain Gelly and Jakob Uszkoreit and Neil Houlsby},
Title = {An Image is Worth 16x16 Words: Transformers for Image Recognition at Scale},
Year = {2020},
Eprint = {arXiv:2010.11929},
}

@misc{2103.14899,
Author = {Chun-Fu Chen and Quanfu Fan and Rameswar Panda},
Title = {CrossViT: Cross-Attention Multi-Scale Vision Transformer for Image Classification},
Year = {2021},
Eprint = {arXiv:2103.14899},
}

@article{2002.04745,
Author = {Ruibin Xiong and Yunchang Yang and Di He and Kai Zheng and Shuxin Zheng and Chen Xing and Huishuai Zhang and Yanyan Lan and Liwei Wang and Tie-Yan Liu},
Title = {On Layer Normalization in the Transformer Architecture},
Year = {2020},
Eprint = {arXiv:2002.04745},
Howpublished = {Published on ICML 2020},
}

@misc{1708.02002,
Author = {Tsung-Yi Lin and Priya Goyal and Ross Girshick and Kaiming He and Piotr Doll√°r},
Title = {Focal Loss for Dense Object Detection},
Year = {2017},
Eprint = {arXiv:1708.02002},
}